@article{miller1956magical,
  title={The magical number seven, plus or minus two: some limits on our capacity for processing information.},
  author={Miller, George A},
  journal={Psychological review},
  volume={63},
  number={2},
  pages={81},
  year={1956},
  publisher={American Psychological Association}
}

@article{Jaynes1957,
	author = "E. T. Jaynes",
	title = "Information theory and statistical mechanics",
	year = "1957",
	journal = "Physical review",
	volume = "106",
	pages = "620-630"
	}
	
@article{kushner1964,
	  title={A new method of locating the maximum point of an arbitrary multipeak curve in the presence of noise},
	  author={Kushner, Harold J},
	  journal={Journal of Basic Engineering},
	  volume={86},
	  number={1},
	  pages={97--106},
	  year={1964},
	  publisher={American Society of Mechanical Engineers}
	}

@phdthesis{watkins1989,
	author = "C. J. C. H. Watkins",
	title = "Learning from delayed rewards",
	school = "King's College, University of Cambridge",
	year = "1989"
	}

@article{williams1992,
	author = "R. J. Williams",
	title = "Simple statistical gradient-following algorithms for connectionist reinforcement learning",
	year = "1992",
	journal = "Machine Learning",
	volume = "8",
	number = "3-4",
	pages = "229-256"
	}
	
@inproceedings{pook1993recognizing,
  title={Recognizing teleoperated manipulations},
  author={Pook, Polly K and Ballard, Dana H},
  booktitle={Robotics and Automation, 1993. Proceedings., 1993 IEEE International Conference on},
  pages={578--585},
  year={1993},
  organization={IEEE}
}


@book{Stengel1994,
	author = "R. F. Stengel",
	title = "Optimal Control and Estimation",
	year = "1998",
	address = "Dover Publications, New York",
	publisher = "Dover books on advanced mathematics",
	pages = "420-421"
	}
	
@phdthesis{Rummery1994,
	author = "G. A. Rummery and M. Niranjan",
	title = "On-line q-learning using connectionist
systems",
	year = "1994",
	school = "Cambridge University, Tech. Rep."
	}



@article{Tesauro1995,
	author = "G. Tesauro",
	title = "TD Learning and TD-Gammon",
	year = "1995",
	journal = "Communications of the ACM",
	volume = "38",
	number = "3",
	pages = "58-68"
	}
	
@inproceedings{atkeson1997robot,
  title={Robot learning from demonstration},
  author={Atkeson, Christopher G and Schaal, Stefan},
  booktitle={ICML},
  volume={97},
  pages={12--20},
  year={1997}
}

@book{SuttonBarto1998,
	author = "R. S. Sutton and A. G. Barto",
	title = "Reinforcement learning: an introduction",
	year = "1998",
	address = "Cambridge, Massachusetts 02142",
	publisher = "MIT Press"
	}

@conference{AbbeelRussel2000,
  	author = "A. Y. Ng and S. J. Russel",
  	title = "Algorithms for inverse reinforcement learning",
  	booktitle = "ICML '00 Proceedings of the Seventeenth International Conference on Machine Learning",
  	publisher = "Morgan Kaufmann Publishers Inc.",
  	pages = "663-670",
  	year = "2000"
}


@conference{Ijspeert2003,
	author = "A. J. Ijspeert and J. Nakanishi and S. Schaal",
	title = "Learning attractor landscapes for learning motor primitives",
	booktitle = "Advances in Neural Information Processing Systems 15 (NIPS2002)",
	pages = "1523-1530",
    publisher = "MIT Press",
    year = "2002"
	}
	
@inproceedings{biggs2003survey,
  title={A survey of robot programming systems},
  author={G. Biggs and B. MacDonald},
  booktitle={Proceedings of the Australasian conference on robotics and automation},
  pages={1-10},
  year={2003}
}

@conference{AbbeelNg2004,
  	author = "P. Abbeel and A. Y. Ng",
  	year = "2004",
  	title = "Apprenticeship learning via inverse reinforcement learning",
  	booktitle = "ICML '04 Proceedings of the twenty-first international conference on Machine learning",
  	year = "2004",
  	publisher = "ACM New York"
}

@inproceedings{browning2004skill,
  title={Skill acquisition and use for a dynamically-balancing soccer robot},
  author={Browning, Brett and Xu, Ling and Veloso, Manuela},
  booktitle={AAAI},
  pages={599--604},
  year={2004}
}



@conference{AbbeelNg2005,
  	author = "P. Abbeel and A. Y. Ng",
  	title = "Exploration and apprenticeship learning in reinforcement learning",
  	booktitle = "ICML '05 Proceedings of the 22nd international conference on Machine learning",
  	pages = "1-8",
  	publisher = "ACM New York",
  	year = "2005"
}

@article{Vempala2005,
	author = "S. Vempala",
	title = "Geometric random walks: a survey",
	year = "2005",
	journal = "Combinatorial and computational geometry",
	volume = "52",
	pages = "573-612"
	}
	
@article{rasmussen2006,
  title={Gaussian processes for machine learning},
  author={Rasmussen, Carl Edward},
  year={2006},
  publisher={Citeseer}
}

@book{rasmussen2006book,
    title = {Gaussian Processes for Machine Learning},
    author = {C. E. Rasmussen and C. K. I. Williams},
    year = {2006},
    publisher = {MIT Press}
}

@conference{RatliffBagnell2006,
	author = "N. D. Ratliff and J. A. Bagnell and M. A. Zinkevich",
	title = "Maximum margin planning",
	booktitle = "ICML '06 Proceedings of the 23rd international conference on Machine learning",
	pages = "729-736",
	publisher = "ACM New York",
	year = "2006"
}
	
@techreport{wtec2006,
	title = "Assessment of International Research and Development in Robotics",
	author = "G. Bekey and R. Ambrose and V. Kumar and A. Sanderson and B. Wilcox and Y. Zheng",
	institution = "World Technology Evaluation Center",
	pages = "55-62",
	year = "2006"
}
	
@inproceedings{sweeney2007model,
  title={A model of shared grasp affordances from demonstration},
  author={Sweeney, John D and Grupen, Rod},
  booktitle={Humanoid Robots, 2007 7th IEEE-RAS International Conference on},
  pages={27--35},
  year={2007},
  organization={IEEE}
}

@conference{AbbeelNg2007,
	author = "P. Abbeel and A. Coates and M. Quigley and A. Y. Ng",
	title = "An application of reinforcement learning to aerobatic helicopter flight",
	booktitle = "Advances in neural information processing systems",	
	year = "2007",
	volume = "19",
	pages = "1-8"
	}
	
@conference{RamachandranAmir2007,
	author = "D. Ramachandran and E. Amir",
	title = "Bayesian inverse reinforcement learning",
		booktitle = "IJCAI'07 Proceedings of the 20th international joint conference on Artifical intelligence",
	year = "2007",
	pages = " 2586-2591",
	publisher = "Morgan Kaufmann Publishers Inc."
	}
	
@article{Kappen2007,
  title={A path integral approach to agent planning},
  author={Kappen, Hilbert J and Wiegerinck, Wim and van den Broek, B},
  journal={Autonomous Agents and Multi-Agent Systems},
  year={2007},
  publisher={Citeseer}
}

	
@article{Broeck2008,
title = {Graphical Model Inference in Optimal Control of Stochastic Multi-Agent Systems},
author = {B. Van Den Broek and W. Wiegerinck and B. Kappen},
journal = {J. Artif. Intell. Res. (JAIR)},
volume = {32},
pages = {95-122},
year ={2008}
}	

@article{peters2008enac,
  title={Natural actor-critic},
  author={Peters, Jan and Schaal, Stefan},
  journal={Neurocomputing},
  volume={71},
  number={7},
  pages={1180--1190},
  year={2008},
  publisher={Elsevier}
}

@conference{Ziebart2008,
  	author = "B. D. Ziebart and A. L. Maas and J. A. Bagnell and A. K. Dey",
  	title = "Maximum entropy inverse reinforcement learning",
  	booktitle = "AAAI Conference on Artificial Intelligence",
  	pages = "1433-1438",
  	year = "2008"
}

@article{Argall2009,
	author = "B. D. Argall and S. Chernova and M. Veloso and B. Browning",
	title = "A survey of robot learning from demonstration",
	year = "2009",
	journal = "Robotics and autonomous systems",
	volume = "57",
	pages = "469-483"
	}

@article{Ratliff2009,
	author = "N. D. Ratliff and D. Silver and J. A. Bagnell",
	title = "Learning to search: functional gradient techniques for imitation learning",
	year = "2009",
	journal = "Autonomous Robots",
	volume = "27",
	pages = "25-53"
	}
	
@article{Lewis2009,
	author = "F. L. Lewis and D. Vrabie",
	title = "Reinforcement learning and adaptive dynamic programming for feedback control",
	year = "2009",
	journal = "Circuits and Systems Magazine IEEE",
	volume = "9",
	pages = "32-50"
}	
	
@inproceedings{zhifei2012review,
  title={A review of inverse reinforcement learning theory and recent advances},
  author={Zhifei, Shao and Joo, Er Meng},
  booktitle={Evolutionary Computation (CEC), 2012 IEEE Congress on},
  pages={1-8},
  year={2012},
  organization={IEEE}
}

@inproceedings{dvijotham2010inverse,
  title={Inverse optimal control with linearly-solvable MDPs},
  author={Dvijotham, Krishnamurthy and Todorov, Emanuel},
  booktitle={Proceedings of the 27th International Conference on Machine Learning (ICML-10)},
  pages={335--342},
  year={2010}
}

@article{Theodorou2010,
	author = "E. Theodorou and J. Buchli and S. Schaal",
	title = "A generalized path integral control approach to reinforcement learning",
	year = "2010",
	journal = "The Journal of Machine Learning Research",
	volume = "11",
	pages = "3137-3181"
}

@inproceedings{peters2010reps,
  title={Relative Entropy Policy Search.},
  author={Peters, Jan and M{\"u}lling, Katharina and Altun, Yasemin},
  booktitle={AAAI},
  pages={1607--1612},
  year={2010},
  organization={Atlanta}
}

@inproceedings{rothkopf2011preference,
  title={Preference elicitation and inverse reinforcement learning},
  author={Rothkopf, Constantin A and Dimitrakakis, Christos},
  booktitle={Joint European Conference on Machine Learning and Knowledge Discovery in Databases},
  pages={34--48},
  year={2011},
  organization={Springer}
}

@inproceedings{dimitrakakis2011bayesian,
  title={Bayesian multitask inverse reinforcement learning},
  author={Dimitrakakis, Christos and Rothkopf, Constantin A},
  booktitle={European Workshop on Reinforcement Learning},
  pages={273--284},
  year={2011},
  organization={Springer}
}
	
@article{ollivier2011,
  title={Information-geometric optimization algorithms: A unifying picture via invariance principles},
  author={Ollivier, Yann and Arnold, Ludovic and Auger, Anne and Hansen, Nikolaus},
  journal={arXiv preprint arXiv:1106.3708},
  year={2011}
}

@inproceedings{hoffman2011portfolio,
  title={Portfolio Allocation for Bayesian Optimization.},
  author={Hoffman, Matthew D and Brochu, Eric and de Freitas, Nando},
  booktitle={UAI},
  pages={327--336},
  year={2011}
}
	
@conference{Boularias2011,
	author = "A. Boularias and J. Kober and J. R. Peters",
	title = "Relative entropy inverse reinforcement learning",
	booktitle = "International Conference on Artificial Intelligence and Statistics",
	year = "2011",
	pages = "182-189"
	}
		
@inproceedings{qiao2011inverse,
  title={Inverse reinforcement learning with Gaussian process},
  author={Qiao, Qifeng and Beling, Peter A},
  booktitle={American Control Conference (ACC), 2011},
  pages={113--118},
  year={2011},
  organization={IEEE}
}

@conference{Aghasadeghi2011,
	author = "N. Aghasadeghi and T. Bretl",
	title = "Maximum entropy inverse reinforcement learning in continuous state spaces with path integrals",
	booktitle = "IEEE/RSJ International Conference on Intelligent Robots and Systems (IROS)",
	year = "2011",
	pages = "1561-1566"
	}
	
@conference{Levine2011,
  	author = "S. Levine and Z. Popovic and V. Koltun",
  	title = "Nonlinear inverse reinforcement learning with gaussian processes",
  	booktitle = "Advances in Neural Information Processing Systems",
  	pages = "19-27",
  	year = "2011"
}

@unpublished{Stulp2012,
  TITLE = {{Policy Improvement Methods: Between Black-Box Optimization and Episodic Reinforcement Learning}},
  AUTHOR = {Stulp, Freek and Sigaud, Olivier},
  URL = {https://hal.archives-ouvertes.fr/hal-00738463},
  NOTE = {34 pages},
  YEAR = {2012},
  MONTH = Oct,
  PDF = {https://hal.archives-ouvertes.fr/hal-00738463/file/rl_blackbox_new_HAL.pdf},
  HAL_ID = {hal-00738463},
  HAL_VERSION = {v1},
}


@conference{Babuska2012,
  	author = "I. Grondman and L. Buşoniu and G. A. D. Lopes and R. Babuška",
  	title = "A survey of actor-critic reinforcement learning: Standard and natural policy gradients",
  	booktitle = "Systems, Man, and Cybernetics, Part C: Applications and Reviews, IEEE Transactions on",
  	pages = "1291-1307",
  	year = "2012"
}

@article{Levine2012,
	author = "S. Levine and V. Koltun",
	title = "Continuous inverse optimal control with locally optimal examples",
	year = "2012",
	journal = "arXiv",
	pages = "1206.4617"
	}

@article{Wilson2013,
	author = "A. G. Wilson and R. P. Adams",
	title = "Gaussian process kernels for pattern discovery and extrapolation",
	year = "2013",
	journal = "arXiv",
	pages = "1302.4245"
	}

@conference{Kalakrishnan2013,
	author = "M. Kalakrishnan and P. Pastor and L. Righetti and S. Schaal",
	title = "Learning objective functions for manipulation",
	booktitle = " IEEE International Conference on Robotics and Automation",
	year = "2013",
	pages = "1331-1336"
	}
	
@article{Dimitrakakis2012,
	author = "C. Dimitrakakis and C. A. Rothkopf",
	title = "Bayesian multitask inverse reinforcement learning",
	year = "2012",
	journal = "Recent Advances in Reinforcement Learning",
	pages = "273-284"
	}
	
@article{KoberPeters2013,
	author = "J. Kober and J. A. Bagnell and Jan Peters",
	title = "Reinforcement learning in robotics: A survey",
	year = "2013",
	journal = "The International Journal of Robotics Research",
	pages = "1238-1274"
	}
	
@article{muelling2014learning,
  title={Learning strategies in table tennis using inverse reinforcement learning},
  author={Muelling, Katharina and Boularias, Abdeslam and Mohler, Betty and Sch{\"o}lkopf, Bernhard and Peters, Jan},
  journal={Biological cybernetics},
  volume={108},
  number={5},
  pages={603--619},
  year={2014},
  publisher={Springer}
}
	
@conference{Daniel2014,
	author = "C. Daniel and M. Viering and J. Metz and O. Kroemer and J. Peters",
	title = "Active reward learning",
	booktitle = "Proceedings of Robotics: Science and Systems",
	year = "2014"
	}
	
@article{Daniel2015,
  title={Active reward learning with a novel acquisition function},
  author={Daniel, Christian and Kroemer, Oliver and Viering, Malte and Metz, Jan and Peters, Jan},
  journal={Autonomous Robots},
  volume={39},
  number={3},
  pages={389--405},
  year={2015},
  publisher={Springer}
}